@INPROCEEDINGS{Gull-1989-MEM,
  author = {S. Gull},
  title = {Developments in maximum entropy data analysis},
  pages = {53},
  year = {1989},
  booktitle = {Maximum Entropy and Bayesian Methods},
  xpublisher = {Kluwer Academic},
  editor = {J. Skilling},
  xaddress = {Dordrecht}
}
@ARTICLE{Ables-1974-MEM,
  author = {{Ables}, J.},
  title = {{Maximum Entropy Spectral Analysis}},
  journal = {\aaps},
  year = {1974},
  volume = {15},
  pages = {383},
  adsurl = {http://cdsads.u-strasbg.fr/abs/1974A%26AS...15..383A},
  bibcode = {1974A&AS...15..383A},
  keywords = {maximum entropy},
}

@ARTICLE{Monnier-2003-interferometry,
  author = {{Monnier}, J.},
  title = {{Optical interferometry in astronomy}},
  journal = {Reports on Progress in Physics},
  year = {2003},
  volume = {66},
  pages = {789},
  adsurl = {http://cdsads.u-strasbg.fr/abs/2003RPPh...66..789M},
  bibcode = {2003RPPh...66..789M},
  citeseerurl = {http://fr.arxiv.org/abs/astro-ph/0307036v1},
  xxdoi = {10.1088/0034-4885/66/5/203},
  eprint = {arXiv:astro-ph/0307036},
  keywords = {optical interferometry, review},
}

@ARTICLE{Quirrenbach-2001-optical_interferometry,
  bibcode = {2001ARA&A..39..353Q},
   author = {{Quirrenbach}, A.},
    title = "{Optical Interferometry}",
  journal = {\araa},
 keywords = {astronomical instrumentation, astrometry, stellar parameters, binary stars, circumstellar matter},
     year = 2001,
   volume = 39,
    pages = {353},
      xxdoi = {10.1146/annurev.astro.39.1.353},
   adsurl = {http://cdsads.u-strasbg.fr/abs/2001ARA%26A..39..353Q},
}

@INPROCEEDINGS{Perrin-2009-VLTI_science,
  bibcode = {2009svlt.conf...81P},
   author = {{Perrin}, G.},
    title = "{VLTI Science Highlights}",
booktitle = {Proc. Astrophysics and Space Science: Science with the VLT in the
             ELT Era},
     year = 2009,
    pages = {81},
      xxdoi = {10.1007/978-1-4020-9190-2_14},
   adsurl = {http://cdsads.u-strasbg.fr/abs/2009svlt.conf...81P},
}

@INPROCEEDINGS{Gull_Skilling-1984-MEM,
  bibcode = {iimp.conf..267G},
   author = {S. Gull and J. Skilling},
    title = {The Maximum Entropy Method},
booktitle = {Measurement and Processing for Indirect Imaging},
     year = 1984,
    pages = {267},
   adsurl = {http://cdsads.u-strasbg.fr/abs/1984iimp.conf..267G},
}

@ARTICLE{Labeyrie-1975-Vega,
  bibcode = {1975ApJ...196L..71L},
  author = {{Labeyrie}, A.},
  title = {{Interference fringes obtained on VEGA with two optical telescopes}},
  journal = {\apjl},
  year = {1975},
  volume = {196},
  pages = {L71}
}

@ARTICLE{DaintyGreenaway1979,
  author = {Dainty, J. and Greenaway, A.},
  title = {Estimation of spatial power spectra in speckle interferometry},
  journal = {\josa},
  year = {1979},
  volume = {69},
  pages = {786}
}
@ARTICLE{Wirnitzer1985,
  author = {Wirnitzer, B.},
  title = {Bispectral analysis at low light levels and astronomical speckle
	masking},
  journal = {\josaa},
  year = {1985},
  volume = {2},
  pages = {14}
}

@INCOLLECTION{Roddier1981,
  author = {F. Roddier},
  title = {The effects of atmospheric turbulence in optical astronomy},
  booktitle = {Progress In Optics},
  volume = {19},
  pages = {281},
  year = {1981},
  xaddress = {Amsterdam},
  xpublisher = {North-Holland Publishing Company},
  xeditor = {E. Wolf}
}
@INPROCEEDINGS{1989ASPC....6..117X,
  author = {{Sramek}, R. and {Schwab}, F.},
  title = {Imaging},
  booktitle = {Synthesis Imaging in Radio Astronomy},
  xbooktitle = {Astron. Soc. Pacific Conf.: Synthesis Imaging in
               Radio Astronomy},
  year = {1989},
  xeditor = {{Perley}, R. and {Schwab}, F. and {Bridle}, A.},
  volume = {6},
  pages = {117},
  adsurl = {http://cdsads.u-strasbg.fr/abs/1989ASPC....6...83F},
  keywords = {gridding, Fourier interpolation}
}
@BOOK{Tarantola-2005-inverse_problem_theory,
  title = {Inverse Problem Theory and Methods for Model Parameter Estimation},
  publisher = {SIAM},
  year = {2005},
  author = {A. Tarantola},
  isbn = {0-89871-572-5},
  subtitle = {and Methods for Model Parameter Estimation}
}
@INPROCEEDINGS{Thiebaut:spie2002:bdec,
  author = {\'E. Thi\'ebaut},
  title = {Optimization issues in blind deconvolution algorithms},
  booktitle = {Proc. {SPIE}: Astronomical Data Analysis {II}},
  year = 2002,
  volume = 4847,
  pages = 174,
  bibcode = {2002SPIE.4847..174T}
}

@INPROCEEDINGS{Ireland_et_al-2006-MACIM,
  author = {M. Ireland and J. Monnier and N. Thureau},
  title = {{Monte-Carlo} Imaging for Optical Interferometry},
  booktitle = {Proc. {SPIE}: Advances in Stellar Interferometry},
  year = {2008},
  volume = {6268},
  pages = {62681T},
  xxdoi = {10.1117/12.670940}
}

@ARTICLE{Narayan_Nityananda-1986-maximum_entropy_review,
  author = {Narayan, R. and Nityananda, R.},
  title = {Maximum entropy image restoration in astronomy},
  journal = {\araa},
  year = {1986},
  volume = {24},
  pages = {127},
  xxdoi = {10.1146/annurev.aa.24.090186.001015},
  keywords = {maximum entropy, image reconstruction, interferometry}
}

@INCOLLECTION{Potts_et_al-2001-NFFT_tutorial,
  title = {Fast {Fourier} transforms for nonequispaced data: A tutorial},
  year = 2001,
  pages = 249,
  booktitle = {Modern Sampling Theory: Mathematics and Applications},
  editor = {J. Benedetto and P. Ferreira},
  author = {D. Potts and G. Steidl and  M. Tasche},
  publisher = {Birkh\"auser}
}

@ARTICLE{Lacour_et_al-2008-Arcturus,
  author = {S. Lacour and S. Meimon and \'E. Thi\'ebaut and G. Perrin and T. Verhoelst
	and E. Pedretti and P. A. Schuller and L. Mugnier and J. Monnier
	and J.-P. Berger and X. Haubois and A. Poncelet and G. {Le Besnerais}
	and K. Eriksson and R. Millan-Gabet and M. Lacasse and W. Traub},
  title = {The limb-darkened Arcturus - Imaging with the IOTA/IONIC interferometer},
  journal = {\aap},
  year = {2008},
  volume = {accepted for publication},
  pages = {561},
  xxdoi = {10.1051/0004-6361:200809611}
}

@INPROCEEDINGS{Schwab-1980-self_calibration,
  bibcode = {1980SPIE..231...18S,},
   author = {F. {Schwab}},
    title = "{Adaptive calibration of radio interferometer data}",
 keywords = {Radio Interferometry},
booktitle = {Proc. {SPIE}: 1980 International Optical Computing Conference {I}},
     year = 1980,
   volume = 231,
     pages = {18},
   adsurl = {http://cdsads.u-strasbg.fr/abs/1980SPIE..231...18S},
}

@ARTICLE{Cornwell_Wilkinson-1981-self_calibration,
  bibcode = {1981MNRAS.196.1067C},
   author = {{Cornwell}, T. and {Wilkinson}, P.},
    title = "{A new method for making maps with unstable radio interferometers}",
  journal = {\mnras},
 keywords = {ASTRONOMICAL MAPS, MAPPING, RADIO ASTRONOMY, RADIO
                  INTERFEROMETERS, COMPUTER PROGRAMS, ERROR ANALYSIS,
                  QUASARS, RADIO TELESCOPES, SIGNAL TO NOISE RATIOS,
                  VERY LONG BASE INTERFEROMETRY},
     year = 1981,
   volume = 196,
    pages = {1067},
   adsurl = {http://cdsads.u-strasbg.fr/abs/1981MNRAS.196.1067C},
}
@ARTICLE{Readhead_Wilkinson-1978-VLBI,
   bibcode = {1978ApJ...223...25R,},
   author = {{Readhead}, A. and {Wilkinson}, P.},
    title = {The mapping of compact radio sources from {VLBI} data},
  journal = {\apj},
 keywords = {ASTRONOMICAL MAPS, BRIGHTNESS, EXTRAGALACTIC RADIO
                  SOURCES, LUMINOUS INTENSITY, VERY LONG BASE
                  INTERFEROMETRY, AMPLITUDES, FOURIER TRANSFORMATION,
                  IMAGING TECHNIQUES, ITERATION, VISIBILITY},
     year = 1978,
   volume = 223,
    pages = {25},
      xxdoi = {10.1086/156232},
   adsurl = {http://cdsads.u-strasbg.fr/abs/1978ApJ...223...25R},
}

@INPROCEEDINGS{Malbet_et_al-2010-beauty_contest,
   author = {{Malbet}, F. and {Cotton}, W. and {Duvert}, G. and {Lawson}, P. and 
	{Chiavassa}, A. and {Young}, J. and {Baron}, F. and {Buscher}, D. and 
	{Rengaswamy}, S. and {Kloppenborg}, B. and {Vannier}, M. and 
	{Mugnier}, L.},
    title = "{The 2010 interferometric imaging beauty contest}",
booktitle = {Proc. SPIE: Optical and Infrared Interferometry {II}},
     year = 2010,
   volume = 7734,
archivePrefix = "arXiv",
   eprint = {1007.4473},
 primaryClass = "astro-ph.IM",
      eid = {77342N},
      xxdoi = {10.1117/12.857066},
   adsurl = {http://adsabs.harvard.edu/abs/2010SPIE.7734E..83M},
}

@INPROCEEDINGS{Lawson_etal-2006-image_beauty_contest,
  author = {Peter Lawson and William Cotton and Christian Hummel and
	Fabien Baron and John Young and Stefan Kraus and Karl-Heinz Hofmann
	and Gerd Weigelt and Michael Ireland and John Monnier and Eric
	Thi\'ebaut and Sridharan Rengaswamy and Olivier Chesneau},
  title = {The 2006 Interferometry Image Beauty Contest},
  booktitle = {Proc. {SPIE}: Advances in Stellar Interferometry},
  year = {2006},
  volume = {6268},
  pages = {62681U},
  bibcode = {2006SPIE.6268E..59L},
  xxdoi = {10.1117/12.670409},
  keywords = {astronomical software, closure phase, aperture synthesis, imaging,
	optical, infrared, interferometry},
}

@INPROCEEDINGS{beauty_contest-2004,
  author = {Lawson, P. and Cotton, W. and Hummel, C. and Monnier, J.
	and Zhao, M. and Young, J. and Thorsteinsson, H. and Meimon, S.
	and Mugnier, L. and {Le Besnerais}, G. and Thi\'ebaut, E.
	and Tuthill, P.},
  title = {An interferometry imaging beauty contest},
  booktitle = {Proc. {SPIE}: New Frontiers in Stellar Interferometry},
  year = {2004},
  volume = {5491},
  pages = {886},
  bibcode = {2004SPIE.5491..886L},
}

@BOOK{Nocedal_Wright-2006-numerical_optimization,
  title = {Numerical Optimization},
  publisher = {Springer},
  year = {2006},
  author = {J. Nocedal and S. Wright}
}

@ARTICLE{Lannes_et_al-1997-Clean_and_Wipe,
  author = {Lannes, A. and Anterrieu, E. and Mar\'echal, P.},
  title = {{Clean} and {Wipe}},
  journal = {\aaps},
  year = {1997},
  volume = {123},
  pages = {183},
  bibcode = {1997A&AS..123..183L}
}

@ARTICLE{LeBesnerais_et_al-2008-interferometry,
  author = {G. {Le Besnerais} and S. Lacour and L. Mugnier and
            E. Thi\'ebaut and G. Perrin and S. Meimon},
  title = {Advanced Imaging Methods for Long-Baseline Optical Interferometry},
  journal = {IEEE Journal of Selected Topics in Signal Processing},
  year = {2008},
  volume = {2},
  pages = {767}
}
@ARTICLE{Hofmann_Weigelt-1993-building_blocks,
  author = {Hofmann, K.-H. and Weigelt, G.},
  title = {Iterative image reconstruction from the bispectrum},
  journal = {\aap},
  year = {1993},
  volume = {278},
  pages = {328},
  bibcode = {1993A&A...278..328H},
  keywords = {iterative image reconstruction, bispectrum, building block method}
}

@ARTICLE{Giovannelli_Coulais-2005-pos_mix,
  author = {J.-F. Giovannelli and A. Coulais},
  title = {Positive deconvolution for superimposed extended source and point
	sources},
  journal = {\aap},
  year = 2005,
  volume = 439,
  pages = 401,
  adsurl = {http://cdsads.u-strasbg.fr/cgi-bin/nph-bib_query?bibcode=2005A%26A...439..401G&db_key=AST},
  xxdoi = {10.1051/0004-6361:20047011},
  eprint = {astro-ph/0507691}
}

@INPROCEEDINGS{Buscher-1994-BSMEM,
  author = {D. Buscher},
  title = {Direct maximum-entropy image reconstruction from the bispectrum},
  booktitle = {IAU Symp. 158: Very High Angular Resolution Imaging},
  year = {1994},
  pages = {91},
  bibcode = {1994IAUS..158...91B},
  keywords = {maximum-entropy, image reconstruction, bispectrum, BSMEM},
}

@INPROCEEDINGS{Baron_Young-2008-Marseille,
  author = {Baron, F. and Young, J.},
  title = {Image reconstruction at {Cambridge University}},
  booktitle = {Proc. {SPIE}: Optical and Infrared Interferometry},
  year = {2008},
  volume = {7013},
  pages = {144},
  adsurl = {http://adsabs.harvard.edu/abs/2008SPIE.7013E.121B},
  bibcode = {2008SPIE.7013E.121B},
  xxdoi = {10.1117/12.789115},
  keywords = {imaging, aperture synthesis, BSMEM, interferometer},
}
@ARTICLE{Skilling_Bryan-1984-maximum_entropy,
  author = {J. Skilling and R. Bryan},
  title = {Maximum entropy image reconstruction: general algorithm},
  journal = {\mnras},
  year = {1984},
  volume = {211},
  pages = {111},
  keywords = {entropy, image reconstruction}
}
@ARTICLE{Meimon_et_al-2005-convex_approximation,
  author = {S. Meimon and L. Mugnier and G. {Le Besnerais}},
  title = {Convex approximation to the likelihood criterion for aperture synthesis imaging},
  journal = {\josaa},
  year = {2005},
  volume = {22},
  pages = {2348},
  keywords = {image reconstruction, inverse problem, interferometry, weak phase}
}

@ARTICLE{Meimon_et_al-2005-weak_phase_imaging,
  author = {S. Meimon and L. Mugnier and G. {Le Besnerais}},
  title = {Reconstruction method for weak-phase optical interferometry},
  journal = {\optlett},
  year = 2005,
  volume = 30,
  pages = 1809,
  keywords = {image reconstruction, weak phase, interferometry, inverse problem},
}

@INPROCEEDINGS{Thiebaut-2008-Marseille,
  author = {Thi\'ebaut, \'E.},
  title = {{MiRA}: an effective imaging algorithm for optical interferometry},
  booktitle = {Proc. {SPIE}: Optical and Infrared Interferometry},
  year = {2008},
  volume = {7013},
  pages = {70131I},
  xxdoi = {10.1117/12.788822},
}

@BOOK{Goodman-statistical_optics,
  title = {Statistical Optics},
  publisher = {John Wiley \& Sons},
  year = 1985,
  author = {J. Goodman},
  isbn = {0-471-01502-4},
}

@ARTICLE{Thompson_Bracewell-1974-Fourier_interpolation,
  author = {{Thompson}, A. and {Bracewell}, R.},
  title = {Interpolation and {Fourier} transformation of fringe visibilities},
  journal = {\aj},
  year = {1974},
  volume = {79},
  pages = {11},
  adsurl = {http://cdsads.u-strasbg.fr/abs/1974AJ.....79...11T},
  bibcode = {1974AJ.....79...11T},
  xxdoi = {10.1086/111523},
  keywords = {interferometry, Fourier interpolation},
}
@ARTICLE{Pauls_et_al-2005-oifits,
  author = {Pauls, T. and Young, J. and Cotton, W. and Monnier, J.},
  title = {A Data Exchange Standard for Optical (Visible/{IR}) Interferometry},
  journal = {\pasp},
  year = {2005},
  volume = {117},
  pages = {1255},
  adsurl = {http://adsabs.harvard.edu/cgi-bin/nph-bib_query?bibcode=2005PASP..117.1255P&db_key=AST},
  bibcode = {2005PASP..117.1255P},
  xxdoi = {10.1086/444523},
  keywords = {oifits, optical interferometry, data format},
}

@ARTICLE{Horne1985,
  author = {K. Horne},
  title = {{Images of accretion discs -- I. The eclipse mapping method}},
  journal = {\mnras},
  year = {1985},
  volume = {213},
  pages = {129}
}

@ARTICLE{Delplancke_at_al-2003-Prima,
  author = {{Delplancke}, F. and {Derie}, F. and {Paresce}, F. and {Glindemann},
	A. and {L{\'e}vy}, F. and {L{\'e}v{\^e}que}, S. and {M{\'e}nardi},
	S.},
  title = {{PRIMA} for the {VLTI} - Science},
  journal = {\apss},
  year = {2003},
  volume = {286},
  pages = {99},
  adsurl = {http://cdsads.u-strasbg.fr/abs/2003Ap%26SS.286...99D},
  xxdoi = {10.1023/A:1026170414529},
}

@ARTICLE{Haniff1991,
  author = {Haniff, C.},
  title = {Least-squares {Fourier} phase estimation from the modulo
           $2\pi$ bispectrum phase},
  journal = {\josaa},
  year = {1991},
  volume = {8},
  pages = {134}
}

@ARTICLE{Rudin_et_al-1992-total_variation,
  author = {Rudin, L. and Osher, S. and Fatemi, E.},
  title = {Nonlinear total variation based noise removal algorithms},
  journal = {Physica D},
  year = {1992},
  volume = {60},
  pages = {259--268},
  xxdoi = {http://dx.doi.org/10.1016/0167-2789(92)90242-F}
}

@ARTICLE{Gordon_Buscher-2012-bias,
   author = {{Gordon}, J. and {Buscher}, D.},
    title = "{Detection noise bias and variance in the power spectrum and bispectrum in optical interferometry}",
  journal = {\aap},
archivePrefix = "arXiv",
   eprint = {1106.3196},
 primaryClass = "astro-ph.IM",
 keywords = {instrumentation: interferometers, techniques: interferometric, methods: analytical},
     year = 2012,
   volume = 541,
      eid = {A46},
    pages = {A46},
      xxdoi = {10.1051/0004-6361/201117335},
   adsurl = {http://adsabs.harvard.edu/abs/2012A%26A...541A..46G},
}

@article{Thiebaut-2013-principles,
	title = {Principles of Image Reconstruction in Interferometry},
	volume = 59,
	xxdoi = {10.1051/eas/1359009},
	journal = {European Astronomical Society Publications Series},
	author = {Thi\'ebaut, \'E.},
	year = 2013,
	pages = {157--187}
}

@INPROCEEDINGS{Baron_et_al-2010-SQUEEZE,
   author = {{Baron}, F. and {Monnier}, J. and {Kloppenborg}, B.},
    title = "{A novel image reconstruction software for optical/infrared interferometry}",
booktitle = {Proc. SPIE: Optical and Infrared Interferometry {II}},
     year = 2010,
   volume = 7734,
      eid = {77342I},
      xxdoi = {10.1117/12.857364},
   adsurl = {http://adsabs.harvard.edu/abs/2010SPIE.7734E..78B},
}

@article{Renard-2011-regularization,
	title = {Image reconstruction in optical interferometry: benchmarking the regularization},
	volume = 533,
	issn = {0004-6361, 1432-0746},
	xxurl = {http://www.aanda.org/articles/aa/abs/2011/09/aa16263-10/aa16263-10.html},
	xxdoi = {10.1051/0004-6361/201016263},
	journal = {Astronomy \& Astrophysics},
	author = {Renard, S. and Thi\'ebaut, E. and Malbet, F.},
	year = 2011,
	pages = {A64}
}

@article{Meimon_et_al-2009-selfcal,
	title = {Self-calibration approach for optical long-baseline interferometry imaging},
	volume = {26},
	xxurl = {http://josaa.osa.org/abstract.cfm?URI=josaa-26-1-108},
	xxdoi = {10.1364/JOSAA.26.000108},
	number = {1},
	journal = {\josaa},
	author = {Meimon, S. and Mugnier, L. and Le Besnerais, G.},
	year = {2009},
	keywords = {Image reconstruction-restoration, interferometry, Inverse problems},
	pages = {108--120}
}
@INPROCEEDINGS{Glindemann_et_al-2000-VLTI,
   author = {{Glindemann}, A. and {Abuter}, R. and {Carbognani}, F. and {Delplancke}, F. and 
	{Derie}, F. and {Gennai}, A. and {Gitton}, P.~B. and {Kervella}, P. and 
	{Koehler}, B. and {Leveque}, S.~A. and {Menardi}, S. and {Michel}, A. and 
	{Paresce}, F. and {Duc}, T.~P. and {Richichi}, A. and {Schoeller}, M. and 
	{Tarenghi}, M. and {Wallander}, A. and {Wilhelm}, R.},
    title = "{The VLT Interferometer: a unique instrument for high-resolution astronomy}",
booktitle = {Proc. SPIE: Interferometry in Optical Astronomy},
     year = 2000,
   volume = 4006,
    pages = {2--12},
   adsurl = {http://cdsads.u-strasbg.fr/abs/2000SPIE.4006....2G},
}

@ARTICLE{tenBrummelaar_et_al-2005-CHARA,
   author = {{ten Brummelaar}, T.~A. and {McAlister}, H.~A. and {Ridgway}, S.~T. and 
	{Bagnuolo}, Jr., W.~G. and {Turner}, N.~H. and {Sturmann}, L. and 
	{Sturmann}, J. and {Berger}, D.~H. and {Ogden}, C.~E. and {Cadman}, R. and 
	{Hartkopf}, W.~I. and {Hopper}, C.~H. and {Shure}, M.~A.},
    title = "{First Results from the CHARA Array. II. A Description of the Instrument}",
  journal = {\apj},
   eprint = {astro-ph/0504082},
 keywords = {Atmospheric Effects, Instrumentation: High Angular Resolution, Instrumentation: Interferometers, Techniques: High Anular Resolution, Techniques: Interferometric, Telescopes},
     year = 2005,
   volume = 628,
    pages = {453--465},
      xxdoi = {10.1086/430729},
   adsurl = {http://adsabs.harvard.edu/abs/2005ApJ...628..453T},
}

@ARTICLE{Hanisch_et_al-2001-fits,
   author = {{Hanisch}, R. and {Farris}, A. and {Greisen}, E. and {Pence}, W. and 
	{Schlesinger}, B. and {Teuben}, P. and {Thompson}, R. and 
	{Warnock}, III, A.},
    title = "{Definition of the Flexible Image Transport System (FITS)}",
  journal = {\aap},
 keywords = {INSTRUMENTATION: MISCELLANEOUS, METHODS: MISCELLANEOUS, TECHNIQUES: MISCELLANEOUS, ASTRONOMICAL DATABASES: MISCELLANEOUS},
     year = 2001,
   volume = 376,
    pages = {359-380},
      xxdoi = {10.1051/0004-6361:20010923},
   adsurl = {http://adsabs.harvard.edu/abs/2001A%26A...376..359H},
  adsnote = {Provided by the SAO/NASA Astrophysics Data System}
}

@INPROCEEDINGS{Pauls_et_al-2004-oifits-spie,
   author = {{Pauls}, T. and {Young}, J. and {Cotton}, W. and {Monnier}, J.
	},
    title = "{A data exchange standard for optical (visible/IR) interferometry}",
booktitle = {Proc. SPIE: New Frontiers in Stellar Interferometry},
     year = 2004,
   volume = 5491,
    pages = {1231},
   adsurl = {http://adsabs.harvard.edu/abs/2004SPIE.5491.1231P},
  adsnote = {Provided by the SAO/NASA Astrophysics Data System}
}
